x@BOOK{MACHINE:TUE,
AUTHOR="Tue Herlau, Mikkel N. Schmidt and Morten MÃ¸rup",
TITLE="Introduction to Machine Learning and Data Mining",
PUBLISHER="DTU",
YEAR="2019 Fall"
}

@article{MACHIE:MNIST_OVERVIEW,
  author          = {pyim59},
  title           = {Starter: MNIST in CSV 5b700bc9-3},
  year            = {2020},
  url             = {https://www.kaggle.com/pyim59/starter-mnist-in-csv-5b700bc9-3},
}

@article{MACHINE:SEMI1,
  author          = {Thalles Silva},
  title           = {Semi-supervised learning with Generative Adversarial Networks (GANs)},
  url             = {https://towardsdatascience.com/semi-supervised-learning-with-gans-9f3cb128c5e},
  year            = {2017}
}