@BOOK{MACHINE:TUE,
AUTHOR="Tue Herlau, Mikkel N. Schmidt and Morten MÃ¸rup",
TITLE="Introduction to Machine Learning and Data Mining",
PUBLISHER="DTU",
YEAR="2019 Fall"
}