@book{MACHINE:TUE,
  AUTHOR          ="Tue Herlau, Mikkel N. Schmidt and Morten MÃ¸rup",
  TITLE           ="Introduction to Machine Learning and Data Mining",
  PUBLISHER       ="Technical University of Denmark ",
  YEAR            ="2019 Fall"
}

@article{MACHINE:MNIST_OVERVIEW,
  author          = {pyim59},
  title           = {Starter: MNIST in CSV 5b700bc9-3},
  year            = {2020},
  url             = {https://www.kaggle.com/pyim59/starter-mnist-in-csv-5b700bc9-3},
}

@article{MACHINE:SEMI1,
  author          = {Thalles Silva},
  title           = {Semi-supervised learning with Generative Adversarial Networks (GANs)},
  url             = {https://towardsdatascience.com/semi-supervised-learning-with-gans-9f3cb128c5e},
  year            = {2017}
}

@article{MACHINE:DIGIT_REGOGNITION,
  author          = {Rahul Bhalley},
  title           = {Digit Recognition},
  url             = {https://towardsdatascience.com/mnist-with-k-nearest-neighbors-8f6e7003fab7},
  year            = {Mar 12, 2017}

@manual{key,
  title        = {Nearest neighbor classification},
  author       = {}
}